@book{s11wasml,
author 	= {Schlosser, Joachim},
year 	= {2011},
title 	= {Wissenschaftliche Arbeiten schreiben mit LATEX: Leitfaden f{\"u}r Einsteiger: Joachim Schlosser},
address = {Heidelberg and M{\"u}nchen and Landsberg and Frechen and Hamburg},
edition = {4},
publisher = {mitp},
isbn 	= {9783826691027}
}

@article{Oer07,
	AUTHOR          = {Oerter, H.},
	TITLE           = {Zur Psychologie des Spiels},
	JOURNAL         = {Psychologie und Gesellschaftskritik},
	VOLUME          = {31},
	NUMBER          = {4},
	YEAR            = {2007},
	PAGES           = {7--32}
}

@article{Hec64,
	AUTHOR          = {Heckhausen, H.},
	TITLE           = {Entwurf einer Psychologie des Spielens},
	JOURNAL         = {Psychologische Forschung},
	VOLUME          = {28},
	NUMBER          = {3},
	YEAR            = {1964},
	PAGES           = {225}
}

@book{ENST16,
	AUTHOR          = {Egenfeldt-Nielsen, S. and Smith, J.--H. and Tosca, S.--P.},
	TITLE           = {{Understanding Video Games: The Essential Introduction}},
	PUBLISHER       = {Routledge},
	ADDRESS         = {New York},
	YEAR            = {2016},
	VOLUME          = {3},
}

@book{Ken01,
	AUTHOR          = {Kent, S.--L.},
	TITLE           = {{The Ultimate History of Video Games: From Pong to Pok√©mon and Beyond -- The Story Behind the Craze That Touched Our Lives and Changed the World}},
	PUBLISHER       = {Three Rivers Press},
	ADDRESS         = {New York},
	YEAR            = {2001},
}

@book{Wol08,
	AUTHOR          = {Wolf, M.--J.--P.},
	TITLE           = {{The Video Game Explosion: A History From Pong to Playstation and Beyond}},
	PUBLISHER       = {Greenwood Press},
	ADDRESS         = {Westport},
	YEAR            = {2008},
}